@comment{x-kbibtex-personnameformatting=<%l><, %f>}

@inproceedings{conf/tcc/KowalczykMUZ16,
	author = "Kowalczyk, Lucas and Malkin, Tal and Ullman, Jonathan and Zhandry, Mark",
	booktitle = "{TCC (B1)}",
	crossref = "conf/tcc/2016b1",
	editor = "Hirt, Martin and Smith, Adam D.",
	interhash = "b2ac06f6caf7292b525a96fd72c47388",
	intrahash = "c519c8b1c5515010530fa061e64cdff4",
	isbn = "978-3-662-53640-7",
	pages = "659--689",
	series = "{Lecture Notes in Computer Science}",
	title = "{Strong Hardness of Privacy from Weak Traitor Tracing.}",
	url = "http://dblp.uni-trier.de/db/conf/tcc/tcc2016b1.html#KowalczykMUZ16; http://dx.doi.org/10.1007/978-3-662-53641-4_25",
	volume = 9985,
	x-fetchedfrom = "Bibsonomy",
	year = 2016
}

@inproceedings{conf/tcc/BunZ16,
	author = "Bun, Mark and Zhandry, Mark",
	booktitle = "{TCC (A1)}",
	crossref = "conf/tcc/2016a1",
	editor = "Kushilevitz, Eyal and Malkin, Tal",
	ee = "http://dx.doi.org/10.1007/978-3-662-49096-9_8",
	interhash = "11057d606c5b5e584be866dfeb25d81f",
	intrahash = "d9d3736d5b1aefa7a29a9406f9864442",
	isbn = "978-3-662-49095-2",
	pages = "176--206",
	publisher = "Springer",
	series = "{Lecture Notes in Computer Science}",
	title = "{Order-Revealing Encryption and the Hardness of Private Learning.}",
	url = "http://dblp.uni-trier.de/db/conf/tcc/tcc2016a1.html#BunZ16",
	volume = 9562,
	x-fetchedfrom = "Bibsonomy",
	year = 2016
}

@inproceedings{conf/stoc/DworkNRRV09,
	author = "Dwork, Cynthia and Naor, Moni and Reingold, Omer and Rothblum, Guy N. and Vadhan, Salil P.",
	booktitle = "{STOC}",
	crossref = "conf/stoc/2009",
	date = "2009-06-05",
	editor = "Mitzenmacher, Michael",
	ee = "http://doi.acm.org/10.1145/1536414.1536467",
	interhash = "6b1689014191a17ddd64b286d5aa66aa",
	intrahash = "c1026c7c1bda4cabb2c1cb75d5ffa5cd",
	isbn = "978-1-60558-506-2",
	pages = "381--390",
	publisher = "ACM",
	title = "{On the complexity of differentially private data release: efficient algorithms and hardness results.}",
	url = "http://dblp.uni-trier.de/db/conf/stoc/stoc2009.html#DworkNRRV09",
	x-fetchedfrom = "Bibsonomy",
	year = 2009
}

@inproceedings{conf/crypto/LingPSS14,
	author = "Ling, San and Phan, Duong Hieu and Stehl{\'e}, Damien and Steinfeld, Ron",
	booktitle = "{CRYPTO (1)}",
	crossref = "conf/crypto/2014-1",
	editor = "Garay, Juan A. and Gennaro, Rosario",
	interhash = "e2ed7077271ccaee0efd5e05ea1b43db",
	intrahash = "8f692fb6d31f059eed921e6c0b9b3b55",
	isbn = "978-3-662-44370-5",
	pages = "315--334",
	publisher = "Springer",
	series = "{Lecture Notes in Computer Science}",
	title = "{Hardness of k-LWE and Applications in Traitor Tracing.}",
	url = "http://dblp.uni-trier.de/db/conf/crypto/crypto2014-1.html#LingPSS14; http://dx.doi.org/10.1007/978-3-662-44371-2_18",
	volume = 8616,
	x-fetchedfrom = "Bibsonomy",
	year = 2014
}

@inproceedings{conf/stoc/DworkNRRV09,
	author = "Dwork, Cynthia and Naor, Moni and Reingold, Omer and Rothblum, Guy N. and Vadhan, Salil P.",
	booktitle = "{STOC}",
	crossref = "conf/stoc/2009",
	date = "2009-06-05",
	editor = "Mitzenmacher, Michael",
	ee = "http://doi.acm.org/10.1145/1536414.1536467",
	interhash = "6b1689014191a17ddd64b286d5aa66aa",
	intrahash = "c1026c7c1bda4cabb2c1cb75d5ffa5cd",
	isbn = "978-1-60558-506-2",
	pages = "381--390",
	publisher = "ACM",
	title = "{On the complexity of differentially private data release: efficient algorithms and hardness results.}",
	url = "http://dblp.uni-trier.de/db/conf/stoc/stoc2009.html#DworkNRRV09",
	x-fetchedfrom = "Bibsonomy",
	year = 2009
}

@inproceedings{conf/stoc/Rompel90,
	author = "Rompel, John",
	booktitle = "{STOC}",
	crossref = "conf/stoc/STOC22",
	editor = "Ortiz, Harriet",
	interhash = "b2b3ac80f3ca55b4f23aea711bfbe350",
	intrahash = "ab3bfdffa218bb13bdd7edef355b8aed",
	isbn = "0-89791-361-2",
	pages = "387--394",
	publisher = "ACM",
	title = "{One-Way Functions are Necessary and Sufficient for Secure Signatures}",
	url = "http://dblp.uni-trier.de/db/conf/stoc/stoc90.html#Rompel90; http://doi.acm.org/10.1145/100216.100269",
	x-fetchedfrom = "Bibsonomy",
	year = 1990
}

@inproceedings{conf/stoc/NaorY89,
	author = "Naor, Moni and Yung, Moti",
	booktitle = "{STOC}",
	crossref = "conf/stoc/STOC21",
	editor = "Johnson, David S.",
	interhash = "a955d2de1a57f80a6ae41924d0592435",
	intrahash = "4457d16dfac59a44eccd8b0acbd4ae8d",
	isbn = "0-89791-307-8",
	pages = "33--43",
	publisher = "ACM",
	title = "{Universal One-Way Hash Functions and their Cryptographic Applications}",
	url = "http://dblp.uni-trier.de/db/conf/stoc/stoc89.html#NaorY89; http://doi.acm.org/10.1145/73007.73011",
	x-fetchedfrom = "Bibsonomy",
	year = 1989
}

@inproceedings{conf/eurocrypt/BonehSW06,
	author = "Boneh, Dan and Sahai, Amit and Waters, Brent",
	booktitle = "{EUROCRYPT}",
	crossref = "conf/eurocrypt/2006",
	date = "2006-07-05",
	editor = "Vaudenay, Serge",
	interhash = "f0132b6bdcd6c0b761eea00565626338",
	intrahash = "d4b8a9d44392e13a64b70c1739008ad5",
	isbn = "3-540-34546-9",
	pages = "573--592",
	publisher = "Springer",
	series = "{Lecture Notes in Computer Science}",
	title = "{Fully Collusion Resistant Traitor Tracing with Short Ciphertexts and Private Keys.}",
	url = "http://dblp.uni-trier.de/db/conf/eurocrypt/eurocrypt2006.html#BonehSW06; http://dx.doi.org/10.1007/11761679_34",
	volume = 4004,
	x-fetchedfrom = "Bibsonomy",
	year = 2006
}

@inproceedings{conf/focs/HardtR10,
	author = "Hardt, Moritz and Rothblum, Guy N.",
	booktitle = "{FOCS}",
	crossref = "conf/focs/2010",
	interhash = "ef2443f772a420e44a2cacc9ef915f13",
	intrahash = "b1f050589019c84c4a13153f211dfd2f",
	isbn = "978-0-7695-4244-7",
	pages = "61--70",
	publisher = "IEEE Computer Society",
	title = "{A Multiplicative Weights Mechanism for Privacy-Preserving Data Analysis.}",
	url = "http://dblp.uni-trier.de/db/conf/focs/focs2010.html#HardtR10; http://doi.ieeecomputersociety.org/10.1109/FOCS.2010.85",
	x-fetchedfrom = "Bibsonomy",
	year = 2010
}

@inproceedings{conf/stoc/BlumLR08,
	author = "Blum, Avrim and Ligett, Katrina and Roth, Aaron",
	booktitle = "{STOC}",
	crossref = "conf/stoc/2008",
	date = "2008-05-23",
	editor = "Dwork, Cynthia",
	ee = "http://doi.acm.org/10.1145/1374376.1374464",
	interhash = "a554d12fc8b4de5e6f17fb20cd523e35",
	intrahash = "7164d6da6bf6119767ae7a10fdfe1b35",
	isbn = "978-1-60558-047-0",
	pages = "609--618",
	publisher = "ACM",
	title = "{A learning theory approach to non-interactive database privacy.}",
	url = "http://dblp.uni-trier.de/db/conf/stoc/stoc2008.html#BlumLR08",
	x-fetchedfrom = "Bibsonomy",
	year = 2008
}

@inproceedings{conf/asiacrypt/BonehW13,
	author = "Boneh, Dan and Waters, Brent",
	booktitle = "{ASIACRYPT (2)}",
	crossref = "conf/asiacrypt/2013-2",
	editor = "Sako, Kazue and Sarkar, Palash",
	interhash = "95023d5e98122504f9c8d0079e1b8411",
	intrahash = "ac44958252f64688ca927c01ecb20d29",
	isbn = "978-3-642-42044-3",
	pages = "280--300",
	publisher = "Springer",
	series = "{Lecture Notes in Computer Science}",
	title = "{Constrained Pseudorandom Functions and Their Applications.}",
	url = "http://dblp.uni-trier.de/db/conf/asiacrypt/asiacrypt2013-2.html#BonehW13; http://dx.doi.org/10.1007/978-3-642-42045-0_15",
	volume = 8270,
	x-fetchedfrom = "Bibsonomy",
	year = 2013
}

@inproceedings{conf/ccs/KiayiasPTZ13,
	author = "Kiayias, Aggelos and Papadopoulos, Stavros and Triandopoulos, Nikos and Zacharias, Thomas",
	booktitle = "{ACM Conference on Computer and Communications Security}",
	crossref = "conf/ccs/2013",
	editor = "Sadeghi, Ahmad-Reza and Gligor, Virgil D. and Yung, Moti",
	ee = "http://doi.acm.org/10.1145/2508859.2516668",
	interhash = "7f318ac0f8619070949f2465beb76480",
	intrahash = "bfa6702b74729cead21a9d58c3c10f0f",
	isbn = "978-1-4503-2477-9",
	pages = "669--684",
	publisher = "ACM",
	title = "{Delegatable pseudorandom functions and applications.}",
	url = "http://dblp.uni-trier.de/db/conf/ccs/ccs2013.html#KiayiasPTZ13",
	x-fetchedfrom = "Bibsonomy",
	year = 2013
}

@inproceedings{conf/pkc/BoyleGI14,
	author = "Boyle, Elette and Goldwasser, Shafi and Ivan, Ioana",
	booktitle = "{Public Key Cryptography}",
	crossref = "conf/pkc/2014",
	editor = "Krawczyk, Hugo",
	ee = "http://dx.doi.org/10.1007/978-3-642-54631-0_29",
	interhash = "767864d5ce172a0697b687b6ebf9b3ac",
	intrahash = "ce5da0ab572938372b9c80f2da6ce8ca",
	isbn = "978-3-642-54630-3",
	pages = "501--519",
	publisher = "Springer",
	series = "{Lecture Notes in Computer Science}",
	title = "{Functional Signatures and Pseudorandom Functions.}",
	url = "http://dblp.uni-trier.de/db/conf/pkc/pkc2014.html#BoyleGI14",
	volume = 8383,
	x-fetchedfrom = "Bibsonomy",
	year = 2014
}

@article{journals/iacr/CanettiC17,
	author = "Canetti, Ran and Chen, Yilei",
	ee = "http://eprint.iacr.org/2017/143",
	interhash = "8da8650995ec5d9e2902fac6f2ff63b9",
	intrahash = "36c541d061d289bf6a30abcf0d014872",
	journal = "IACR Cryptology ePrint Archive",
	pages = 143,
	title = "{Constraint-hiding Constrained PRFs for NC1 from LWE.}",
	url = "http://dblp.uni-trier.de/db/journals/iacr/iacr2017.html#CanettiC17",
	volume = 2017,
	x-fetchedfrom = "Bibsonomy",
	year = 2017
}

@article{journals/iacr/BonehKM17,
	author = "Boneh, Dan and Kim, Sam and Montgomery, Hart William",
	interhash = "ba1d6fef71aad8910ce47cb2673c497d",
	intrahash = "f7b77c46cb65bf38cb6658694105b792",
	journal = "IACR Cryptology ePrint Archive",
	pages = 100,
	title = "{Private Puncturable PRFs From Standard Lattice Assumptions.}",
	url = "http://dblp.uni-trier.de/db/journals/iacr/iacr2017.html#BonehKM17; http://eprint.iacr.org/2017/100",
	volume = 2017,
	x-fetchedfrom = "Bibsonomy",
	year = 2017
}

@article{regev2009lattices,
	author = "Regev, Oded",
	interhash = "21b95f0014d04dea52a224b0776b01dd",
	intrahash = "89f1e8f135cfdaa08b011adac9ddab95",
	journal = "Journal of the ACM (JACM)",
	number = 6,
	pages = 34,
	publisher = "ACM",
	title = "{On lattices, learning with errors, random linear codes, and cryptography}",
	volume = 56,
	x-fetchedfrom = "Bibsonomy",
	year = 2009
}

@article{journals/tit/Justesen72,
	author = "Justesen, J{\o}rn",
	interhash = "b2b12c19b49e56851bb5f04d2d0604f9",
	intrahash = "aa68d6938c8bc05040b6dfac725e0e56",
	journal = "IEEE Trans. Information Theory",
	number = 5,
	pages = "652--656",
	title = "{Class of constructive asymptotically good algebraic codes.}",
	url = "http://dblp.uni-trier.de/db/journals/tit/tit18.html#Justesen72; http://dx.doi.org/10.1109/TIT.1972.1054893",
	volume = 18,
	x-fetchedfrom = "Bibsonomy",
	year = 1972
}

@misc{Chor94tracingtraitors,
	author = "Chor, Benny and Fiat, Amos and Naor, Moni and Pinkas, Benny",
	interhash = "b88ae827e95f4d40fb4a9c9da08cf53f",
	intrahash = "4c2ec199439c9e6096fd7be8b341be1c",
	title = "{Tracing Traitors}",
	x-fetchedfrom = "Bibsonomy",
	year = 1994
}

@article{journals/jacm/BarakGIRSVY12,
	author = "Barak, Boaz and Goldreich, Oded and Impagliazzo, Russell and Rudich, Steven and Sahai, Amit and Vadhan, Salil P. and Yang, Ke",
	interhash = "de48305315a93c85ad79070786e804f5",
	intrahash = "4f5f2489219972acf2910db6b6b8a310",
	journal = "J. ACM",
	number = 2,
	pages = 6,
	title = "{On the (im)possibility of obfuscating programs.}",
	url = "http://dblp.uni-trier.de/db/journals/jacm/jacm59.html#BarakGIRSVY12; http://doi.acm.org/10.1145/2160158.2160159",
	volume = 59,
	x-fetchedfrom = "Bibsonomy",
	year = 2012
}

@article{journals/jacm/GoldreichGM86,
	author = "Goldreich, Oded and Goldwasser, Shafi and Micali, Silvio",
	date = "2003-11-20",
	ee = "http://doi.acm.org/10.1145/6490.6503",
	interhash = "e74685d063312cfa71e6c3c588394a45",
	intrahash = "b90c4583fe95db4039e7350e7587eb18",
	journal = "J. ACM",
	number = 4,
	pages = "792--807",
	title = "{How to construct random functions.}",
	url = "http://dblp.uni-trier.de/db/journals/jacm/jacm33.html#GoldreichGM86",
	volume = 33,
	x-fetchedfrom = "Bibsonomy",
	year = 1986
}

@article{journals/siamcomp/Ullman16,
	author = "Ullman, Jonathan",
	interhash = "df6976813b4d45cb13c3f595683b4ad6",
	intrahash = "d934a31e668a37d4aeac843c7d0a2d6e",
	journal = "SIAM J. Comput.",
	number = 2,
	pages = "473--496",
	title = "{Answering n2+o(1) Counting Queries with Differential Privacy is Hard.}",
	url = "http://dblp.uni-trier.de/db/journals/siamcomp/siamcomp45.html#Ullman16; http://dx.doi.org/10.1137/130928121",
	volume = 45,
	x-fetchedfrom = "Bibsonomy",
	year = 2016
}

@misc{vbblb,
	author = "Ullman, Jonathan",
	date = "2017-04-19",
	howpublished = "personal communication"
}

@inproceedings{SW14,
	acmid = "2591825",
	address = "New York, NY, USA",
	author = "Sahai, Amit and Waters, Brent",
	booktitle = "{Proceedings of the 46th Annual ACM Symposium on Theory of Computing}",
	doi = "10.1145/2591796.2591825",
	file = ":SW14.pdf:PDF",
	interhash = "40e99b01cf77f04bbf814e29758ec252",
	intrahash = "2e2b6e936c079bbe6f579448dab76834",
	isbn = "978-1-4503-2710-7",
	location = "New York, New York",
	numpages = "10",
	pages = "475--484",
	publisher = "ACM",
	series = "{STOC '14}",
	title = "{How to Use Indistinguishability Obfuscation: Deniable Encryption, and More}",
	url = "http://doi.acm.org/10.1145/2591796.2591825",
	x-fetchedfrom = "Bibsonomy",
	year = 2014
}

